@article{Urbani2010,
author = {Urbani, Jacopo and Kotoulas, Spyros and Maassen, Jason and Harmelen, Frank Van and Bal, Henri},
file = {:C$\backslash$:/Users/xixi/Desktop/项目资料/ppt/semantic rerasoning/referenced papers/chp\_10.1007\_978-3-642-13486-9\_15.pdf:pdf},
pages = {213--227},
title = {{OWL Reasoning with WebPIE : Calculating the Closure of 100 Billion Triples}},
year = {2010}
}
